<?xml version="1.0" encoding="UTF-8"?><record xmlns="http://www.loc.gov/MARC21/slim" xmlns:cinclude="http://apache.org/cocoon/include/1.0" xmlns:zs="http://www.loc.gov/zing/srw/">
  <leader>00455nz  a2200145n  4500</leader>
  <controlfield tag="001">no2007148412</controlfield>
  <controlfield tag="003">DLC</controlfield>
  <controlfield tag="005">20071206075306.0</controlfield>
  <controlfield tag="008">071122n| acannaabn          |a aaa     c</controlfield>
  <datafield tag="010" ind1=" " ind2=" ">
    <subfield code="a">no2007148412</subfield>
  </datafield>
  <datafield tag="035" ind1=" " ind2=" ">
    <subfield code="a">(OCoLC)oca07598168</subfield>
  </datafield>
  <datafield tag="040" ind1=" " ind2=" ">
    <subfield code="a">MX-MxITA</subfield>
    <subfield code="b">eng</subfield>
    <subfield code="c">MX-MxITA</subfield>
  </datafield>
  <datafield tag="100" ind1="1" ind2=" ">
    <subfield code="a">Paredes Larrucea, Enrique</subfield>
  </datafield>
  <datafield tag="400" ind1="1" ind2=" ">
    <subfield code="a">Larrucea, Enrique Paredes</subfield>
  </datafield>
  <datafield tag="670" ind1=" " ind2=" ">
    <subfield code="a">Clark, C. Crecimiento demogra휍혖fico y utilizacio휍혖n del suelo, 1968:</subfield>
    <subfield code="b">t.p. (Enrique Paredes Larrucea)</subfield>
  </datafield>
</record>